@incollection{shalf2011exascale,
    title={Exascale computing technology challenges},
    author={Shalf, John and Dosanjh, Sudip and Morrison, John},
    booktitle={High Performance Computing for Computational Science--{VECPAR} 2010},
    pages={1--25},
    year={2011},
    publisher={Springer}
}

