@article{doi:10.1137/0111030,
author = {Marquardt, D.},
title = {An Algorithm for Least-Squares Estimation of Nonlinear Parameters},
journal = {Journal of the Society for Industrial and Applied Mathematics},
volume = {11},
number = {2},
pages = {431--441},
year = {1963},
doi = {10.1137/0111030},

URL = {http://epubs.siam.org/doi/abs/10.1137/0111030},
eprint = {http://epubs.siam.org/doi/pdf/10.1137/0111030},
}

@inproceedings{Whaley:1998:ATL:509058.509096,
 author = {Whaley, R. Clint and Dongarra, Jack J.},
 title = {Automatically tuned linear algebra software},
 booktitle = {Proceedings of the 1998 ACM/IEEE conference on Supercomputing (CDROM)},
 series = {Supercomputing '98},
 year = {1998},
 isbn = {0-89791-984-X},
 location = {San Jose, CA},
 pages = {1--27},
 numpages = {27},
 url = {http://dl.acm.org/citation.cfm?id=509058.509096},
 acmid = {509096},
 publisher = {IEEE Computer Society},
 address = {Washington, DC},
 keywords = {BLAS, code generation, high performance, linear algebra, optimization, tuning},
}

@misc{ intelmkl,
  author    = "{Intel}",
  title     = "{Intel Math Kernel Library}",
  url       = "http://software.intel.com/en-us/articles/intel-mkl/"
}
%GWP - why didn't the url get in?

@misc{ gotoblas:07,
  author    = "K. Goto",
  title     = {Goto{BLAS}},
  year      = "2007",
  url       = "http://www.tacc.utexas.edu/resources/software/"
}

@misc{ openmp,
  TITLE = "{OpenMP} Aplication Program Interface",
  author = "{OpenMP Architecture Review Board}",
  howpublished = "Version 3.0",
  month = "May",
  year = "2008"
}

@TechReport{ mpiforum:94,
  author    = "{MPI Forum}",
  title     = "{MPI}: {A} Message-Passing Interface Standard",
  number    = "UT-CS-94-230",
  year      = "1994",
  url       = "citeseer.ist.psu.edu/519858.html"
}

@Misc{ mpiforum:96,
  author    = "{MPI Forum}",
  title     = "{MPI-2: Extensions to the Message-Passing Interface}",
  howpublished = "Technical Report, University of Tennessee, Knoxville",
  year      = "1996",
  url       = "citeseer.ist.psu.edu/517818.html"
}

@misc{ mpiforum:09,
  author    = "{MPI Forum}",
  title     = "{MPI}: {A} message-passing interface standard.  {V}ersion 2.2.",
  month     = sep,
  year      = 2009
}

@Misc{ mpi3,
  author    = {MPI-3 Working Group},
  year      = {2010},
  howpublished = {\url{http://svn.mpi-forum.org/trac/mpi-forum-web/wiki/RmaWikiPage}}
}

@misc{ mpich2,
  author    = {{MPICH2}},
  year      = 2010,
  month     = oct,
  howpublished = {\url{http://www.mcs.anl.gov/research/projects/mpich2/}}
}
  

@inproceedings{ tipparaju:10,
 author = {Tipparaju, Vinod and Apr\'{a}, Edoardo and Yu, Weikuan and Vetter, Jeffrey S.},
 title = {Enabling a highly-scalable global address space model for petascale computing},
 booktitle = {CF '10: Proceedings of the 7th ACM International Conference on Computing Frontiers},
 year = {2010},
 isbn = {978-1-4503-0044-5},
 pages = {207--216},
 location = {Bertinoro, Italy},
 doi = {http://doi.acm.org/10.1145/1787275.1787326},
 publisher = {ACM},
 address = {New York},
}

@article{Shende:2006:TPP:1125980.1125982,
 author = {Shende, Sameer S. and Malony, Allen D.},
 title = {The Tau Parallel Performance System},
 journal = {Int. J. High Perform. Comput. Appl.},
 issue_date = {May       2006},
 volume = {20},
 number = {2},
 month = may,
 year = {2006},
 issn = {1094-3420},
 pages = {287--311},
 numpages = {25},
 url = {http://dx.doi.org/10.1177/1094342006064482},
 doi = {10.1177/1094342006064482},
 acmid = {1125982},
 publisher = {Sage Publications, Inc.},
 address = {Thousand Oaks, CA},
 keywords = {Performance evaluation, TAU, analysis, instrumentation, measurement},
}

@inproceedings{Peise2012:50,
    author = {Elmar Peise and Paolo Bientinesi},
    title  = {Performance Modeling for Dense Linear Algebra},
    booktitle = {Proceedings of the 3rd International Workshop on Performance Modeling, Benchmarking and Simulation of High Performance Computer Systems (PMBS12)},
    year   = {2012},
    month  = nov,
}


