@inproceedings{chapman2010introducing,
  title={Introducing {OpenSHMEM}: {SHMEM} for the {PGAS} community},
  author={Chapman, Barbara and Curtis, Tony and Pophale, Swaroop and Poole, Stephen and Kuehn, Jeff and Koelbel, Chuck and Smith, Lauren},
  booktitle={Proceedings of the Fourth Conference on Partitioned Global Address Space Programming Model},
  pages={2},
  year={2010},
  organization={ACM}
}

@incollection{poole2011openshmem,
  title={{OpenSHMEM} - toward a unified {RMA} model},
  author={Poole, Stephen W and Hernandez, Oscar and Kuehn, Jeffery A and Shipman, Galen M and Curtis, Anthony and Feind, Karl},
  booktitle={Encyclopedia of Parallel Computing},
  pages={1379--1391},
  year={2011},
  publisher={Springer}
}

@inproceedings{jose2012supporting,
  title={Supporting Hybrid MPI and {OpenSHMEM} over {InfiniBand}: Design and Performance Evaluation},
  author={Jose, Jithin and Kandalla, Krishna and Luo, Miao and Panda, Dhabaleswar K},
  booktitle={Parallel Processing (ICPP), 2012 41st International Conference on},
  pages={219--228},
  year={2012},
  organization={{IEEE}}
}

@inproceedings{barrett2011enhanced-donotuse,
  title={Enhanced Support for {OpenSHMEM} Communication in {Portals}},
  author={Barrett, Brian W and Brigthwell, Ron and Hemmert, K Scott and Pedretti, Kevin and Wheeler, Kyle and Underwood, Keith D},
  booktitle={{IEEE} 19th Annual Symposium onHigh Performance Interconnects (HOTI)},
  pages={61--69},
  year={2011},
  organization={{IEEE}}
}

@techreport{pophale2012openshmem,
  title={{OpenSHMEM} Performance and Potential: A {NPB} Experimental Study},
  author={Pophale, Swaroop and Nanjegowda, Ramachandra and Curtis, Tony and Chapman, Barbara and Jin, Haoqiang and Poole, Stephen and Kuehn, Jeffery},
  year={2012},
  institution={Oak Ridge National Laboratory ({ORNL}); Center for Computational Sciences}
}

@techreport{kuehn2012openshmem,
  title={{OpenSHMEM} Application Programming Interface, v1.0 Final},
  author={Kuehn, Jeffery A and Chapman, Barbara and Curtis, Anthony R and Mauricio, Ricardo and Pophale, Swaroop and Nanjegowda, Ramachandra and Banerjee, Amrita and Feind, Karl and Poole, Stephen W and Smith, Lauren},
  year={2012},
  institution={Oak Ridge National Laboratory ({ORNL})}
}

@inproceedings{jose2013designing,
  title={Designing Scalable {Graph500} Benchmark with Hybrid MPI+{OpenSHMEM} Programming Models},
  author={Jose, Jithin and Potluri, Sreeram and Tomko, Karen and Panda, Dhabaleswar K},
  booktitle={Supercomputing},
  pages={109--124},
  year={2013},
  organization={Springer}
}

@article{yoon2011gshmem,
  title={{GSHMEM}: A Portable Library for Lightweight, Shared-Memory, Parallel Programming},
  author={Yoon, Changil and Aggarwal, Vikas and Hajare, Vrishali and George, Alan D and Billingsley {III}, Max},
  journal={Proceedings of Partitioned Global Address Space, Galveston, Texas},
  year={2011}
}

@inproceedings{oliker2007scientific,
  title={Scientific application performance on candidate petascale platforms},
  author={Oliker, Leonid and Canning, Andrew and Carter, Jonathan and Lijewski, M and Kamil, S and Shalf, J and Shan, H and Strohmaier, E and Ethier, S and Goodale, T and others},
  booktitle={International Parallel and Distributed Processing Symposium ({IPDPS})},
  pages={1--12},
  year={2007},
  organization={{IEEE}}
}

@inproceedings{SHMEM:CUG95,
	title={Shared Memory Access (SHMEM) Routines},
	author={Karl Feind},
	year = {1995},
	booktitle={Cray User Group, CUG'05},
}

@article{lam2013tshmem,
  title={{TSHMEM}: Shared-Memory Parallel Computing on {T}ilera Many-Core Processors},
  author={Lam, Bryant C and George, Alan D and Lam, Herman},
  year={2013}
}

@inproceedings{potluri2013extending,
  title={Extending {OpenSHMEM} for {GPU} Computing},
  author={Potluri, S and Bureddy, D and Wang, H and Subramoni, H and Panda, DK},
  booktitle={Parallel \& Distributed Processing (IPDPS), 2013 IEEE 27th International Symposium on},
  pages={1001--1012},
  year={2013},
  organization={IEEE}
}

@inproceedings{brightwell2011intra,
  title={An intra-node implementation of {OpenSHMEM} using virtual address space mapping},
  author={Brightwell, Ron and Pedretti, Kevin},
  booktitle={Fifth Partitioned Global Address Space Conference},
  year={2011}
}

@article{Barrett:2011:HotI:OpenSHMEM-Portals,
    author = {Brian W. Barrett and Ron Brigthwell and K. Scott Hemmert and Kevin Pedretti and Kyle Wheeler and Keith D. Underwood},
    title = {Enhanced Support for {OpenSHMEM} Communication in {P}ortals},
    journal ={High-Performance Interconnects, Symposium on},
    volume = {0},
    isbn = {978-0-7695-4537-0},
    year = {2011},
    pages = {61-69},
    doi = {http://doi.ieeecomputersociety.org/10.1109/HOTI.2011.18},
    publisher = {IEEE Computer Society},
    address = {Los Alamitos, CA, USA},
}

@article{shainer2013co,
  title={The co-design architecture for exascale systems, a novel approach for scalable designs},
  author={Shainer, Gilad and Wilde, Todd and Lui, Pak and Liu, Tong and Kagan, Michael and Dubman, Mike and Shahar, Yiftah and Graham, Richard and Shamis, Pavel and Poole, Steve},
  journal={Computer Science-Research and Development},
  pages={1--7},
  year={2013},
  publisher={Springer}
}

@misc{qshmem,
  title = "{Q}uadrics/{SHMEM} programming manual",
  author = "Quadrics",
  xxxhowpublished = "\url{http://staff.psc.edu/oneal/compaq/ShmemMan.pdf‎}",
  year = "2001"
}

@techreport{parzyszek2000generalized,
  title={A generalized portable {SHMEM} library for high performance computing},
  author={Parzyszek, Krzysztof and Nieplocha, Jarek and Kendall, Ricky A},
  year={2000},
  institution={Ames Lab., Ames, IA (US)}
}

@misc{ibm-turboshmem,
  title = "{HPC} {T}oolkit",
  author = "{IBM}",
  howpublished = "\url{https://computing.llnl.gov/mpi/klepacki.pdf‎}",
  year = "2004"
}
‎

@misc{woodacre2005sgi,
  title={The {SGI} {AltixTM} 3000 global shared-memory architecture},
  author={Woodacre, Michael and Robb, Derek and Roe, Dean and Feind, Karl},
  year={2005}
}

@misc{hp-shmem,
  title = "{HP} {A}lphaserver {SC} 40",
  author = "{HP}",
  howpublished = "\url{http://h18002.www1.hp.com/alphaserver/archive/sc/sys_sc40_features.html‎}",
  year = ""
}

@article{Jose:2013:PGAS:SHMEMcollectives,
 title={Optimizing Collective Communication in {OpenSHMEM}},
 author={Jose, Jithin and Kandalla, Krishna and Zhang, Jie and Potluri, Sreeram and Panda, Dhabaleswar K.},
 howpublished = {\url{http://www.pgas2013.org.uk/sites/default/files/finalpapers/Day1/R1/1_paper29.pdf}},
 booktitle = {The 7th Conference on Partitioned Global Address Space Programming Models ({PGAS})},
 month = oct,
 year = {2013},
 location = {Edinburgh, Scotland, UK},
 url = {http://www.pgas2013.org.uk/sites/default/files/finalpapers/Day1/R1/1_paper29.pdf},
}
